
@book{RI,
	author = {Fidel Cacheda Seijo, Juan Manuel Fernández Luna, Juan Francisco Hueta Guadix},
	title = {Recuperacion de Información: Un enfoque práctico y multidisciplinar},
	date = {2011},
	editor = {Ra-Ma},
	OPTlanguage = {Español},	
	OPTedition = {1ª},	
	OPTisbn = {9788499641126},
	OPTpages = {34-35},
	OPTpagetotal = {814},
}

